Če se vrstica ne začne z afno, je komentar
Malo pomoči na: http://en.wikibooks.org/wiki/LaTeX/Bibliography_Management
% TODO sam daje med imenom in priimkom ~, tako da ne rabiš dajat \ popravi
Doktorati:

phdthesis{EIkonomovska:PhD,
   author =  {E. Ikonomovska},
   title  =   {Algorithms for Learning Regression Trees and Ensembles on Evolving Data Streams},
   year   =    2012,
   school =  {Mednarodna podiplomska šola Jožef Stefan, Ljubljana},
}

@phdthesis{Morbey:Aaron,
   author = {M. L.~Morbey},
   title = {From Canvas to Computer: Harold Cohen's Artificial Intelligence Paradigm for Art Making},
   year = {1992},
   school = {The Ohio State University, Ohio, USA},
}

Članki:

article{Frosenblatt:perceptron,
  author  = {F. Rosenblatt},
  title   = {The perceptron: A probabilistic model for information storage and organization in the brain},
  journal = {Psychological Review},
  year    = 1958,
  volume  = 65,
  pages   = {386--408},
  publisher = {APA, Washington, D.C.}
}

Nova verzija crayon
@article{DRudolf:BiWaxCrayon,
   author = {D.\ Rudolf and D.\ Mould and E.\ Neufeld},
   title = {A Bidirectional Deposition Model of Wax Crayons},
   journal = {Computer Graphics Forum},
   volume = {24},
   pages = {27--39},
   year = {2005},
   publisher = {Blackwell Publishing, Oxford, UK}
}

@article{Cohen:Aaron,
   author = {H. Cohen},
   title = {The Further Exploits of Aaron, Painter},
   journal = {Stanford Humanities Review},
   volume = {4},
   pages = {141--158},
   year = {1995},
   publisher = {Stanford Humanities Review Stanford, CA, USA}
}

@article{Huang:Natural,
  author = {H. Huang and T. N.~Fu and C. F.~Li},
  title = {Painterly Rendering with Content-dependent Natural Paint Strokes},
  journal = {The Visual Computer: International Journal of Computer Graphics},
  volume = {27},
  pages = {861--871},
  year = {2011},
  publisher = {Springer-Verlag New York, Inc. Secaucus, NJ, USA}
}

@article{Kamada:Hidden,
  author = {T. Kamada and S. Kawai},
  title = {An Enhanced Treatment of Hidden Lines},
  journal = {ACM Transactions on Graphics (TOG)},
  volume = {6},
  pages = {308--323},
  year = {1987},
  publisher = {ACM New York, NY, USA}
}

@article{Lind:Gauss-dokaz,
  author = {M.~Lindenbaum and M.~Fischer and A.~M.~Bruckstein},
  title = {On Gabor's Contribution to Image Enhancement},
  journal = {Pattern Recognition},
  volume = {27},
  pages = {1--8},
  year = {1994}
}

@article{Perona-Malik,
  author = {P.~Perona and J.~Malik},
  title = {Scale-Space and Edge Detection Using Anisotropic Diffusion},
  journal = {IEEE Transactions on Pattern Analysis and Machine Intelligence},
  volume = {12},
  pages = {629--639},
  year = {1990},
  publisher = {IEEE Computer Society Washington, DC, USA}
}

@article{Susan:Filter,
  author = {S.~M.~Smith and J.~M.~Brady},
  title = {SUSAN - A New Approach to Low Level Image Processing},
  journal = {International Journal of Computer Vision},
  volume = {23},
  pages = {45--78},
  year = {1997},
  publisher = {Kluwer Academic Publishers Hingham, MA, USA}
}

@article{Buades:PDE,
  author = {A.~Buades and B.~Coll and J.~M.~Morel},
  title = {Neighborhood Filters and PDE's},
  journal = {Numerische Mathematik},
  volume = {105},
  pages = {1--34},
  year = {2006},
  publisher = {Springer-Verlag New York, Inc.~Secaucus, NJ, USA}
}

article{Wang:PencilSketch,
  author = {J. Wang and H. Bao and W. Zhou and Q. Peng and Y. Xu},
  title = {Automatic Image-based Pencil Sketch Rendering},
  journal = {Journal of Computer Science and Technology},
  year = {2002},
  volume = {17},
  pages = {347--355},
  publisher = {Institute of Computing Technology Beijing, China}
}

Prispevki iz konferenc (In proceedings):

inproceedings{KohaviKunz:opt-trees,
  author = {R. Kohavi and C. Kunz},
  title  = {Option decision trees with majority votes},
  pages  = {161--169},
  booktitle = {Proceedings of 14th International Conference on Machine Learning},
  publisher = {Morgan Kaufmann, Burlington},
  location = {San Francisco, CA, ZDA},
  year = 1997
}

@conference{Buades:NLA,
  author = {A.\ Buades and B.\ Coll and J.\ Morel},
  title = {A Non--Local Algorithm for Image Denoising},
  pages = {60--65},
  booktitle = {CVPR '05 Proceedings of the 2005 IEEE Computer Society Conference on Computer Vision and Pattern Recognition},
  publisher = {IEEE Computer Society Washington, DC, USA},
  year = {2005}
}

@conference{Wang:fastNMD,
  author = {V.~Karnati and M.~Uliyar and S.~Deyl},
  title = {Fast Non--Local Algorithm for Image Denoising},
  pages = {3829--3832},
  booktitle = {ICIP '09 Proceedings of the16th IEEE International Conference on Image Processing},
  publisher = {IEEE Press Piscataway NJ, USA},
  year = {2009}
}

Stara verzija crayon
@inproceedings{Rudolf:WaxCrayon,
  author = {D.\ Rudolf and D.\ Mould and E.\ Neufeld},
  title = {Simulating Wax Crayons},
  pages = {163--172},
  booktitle = {PG '03 Proceedings of the 11th Pacific Conference on Computer Graphics and Applications},
  publisher = {IEEE Computer Society Washington, DC, USA},
  year = {2003}
}

@inproceedings{Hertzmann:ScienceArt,
  author = {A.\ Hertzmann},
  title  = {Non-Photorealistic Rendering and the Science of Art},
  pages  = {147--157},
  booktitle = {NPAR '10 Proceedings of the 8th International Symposium on Non-Photorealistic Animation and Rendering},
  publisher = {ACM New York, NY, USA},
  year = {2012}
}

@inproceedings{Lu:CombiningSketch,
  author = {C. Lu and L. Xu and J. Jia},
  title  = {Combining Sketch and Tone for Pencil Drawing Production},
  pages  = {65--73},
  booktitle = {NPAR '12 Proceedings of the Symposium on Non-Photorealistic Animation and Rendering},
  publisher = {Eurographics Association Aire-la-Ville, Switzerland},
  year = 2012
}

@inproceedings{Winkenbach:ComputerGenerated,
  author = {G. Winkenbach and D. H.~Salesin},
  title  = {Computer-Generated Pen-and-Ink Illustrations},
  pages  = {91--100},
  booktitle = {SIGGRAPH '94 Proceedings of the 21st Annual Conference on Computer Graphics and Interactive Techniques},
  publisher = {ACM New York, NY, USA},
  year = 1994
}

@inproceedings{Winkenbach:ParametricSurfaces,
  author = {G. Winkenbach and D. H. Salesin},
  title  = {Rendering Parametric Surfaces in Pen and Ink},
  pages  = {469--476},
  booktitle = {SIGGRAPH '96 Proceedings of the 23rd Annual Conference on Computer Graphics and Interactive Techniques},
  publisher = {ACM New York, NY, USA},
  year = 1996
}

@inproceedings{Hertzmann:BrushStrokes,
  author = {A. Hertzmann},
  title  = {Painterly Rendering with Curved Brush Strokes of Multiple Sizes},
  pages  = {453--460},
  booktitle = {SIGGRAPH '98 Proceedings of the 25th Annual Conference on Computer Graphics and Interactive Techniques},
  publisher = {ACM New York, NY, USA},
  year = {1998}
}

@inproceedings{Salisbury:OrientableTextures,
  author = {M. P. Salisbury and M. T. Wong and J. F. Hughes and D. H. Salesin},
  title  = {Orinetable Textures for Image-Based Pen-and-Ink Illustration},
  pages  = {401--406},
  booktitle = {SIGGRAPH '97 Proceedings of the 24th Annual Conference on Computer Graphics and Interactive Techniques},
  publisher = {ACM Press/Addison-Wesley Publishing Co. New York, NY, USA},
  year = 1997
}

@inproceedings{Goodwin:IsophoteDistance,
  author = {T. Goodwin, I. Vollick, A. Hertzmann},
  title  = {Isophote Distance: A Shading Approach to Artistic Stroke Thickness},
  pages  = {53--62},
  booktitle = {NPAR '07 Proceedings of the 5th international symposium on Non-photorealistic animation and rendering},
  publisher = {ACM New York, NY, USA},
  year = 2007
}

@inproceedings{Haeberli:PaintNumbers,
  author = {P. Haeberli},
  title = {Paint By Numbers: Abstract Image Representations},
  pages = {207--214},
  booktitle = {SIGGRAPH '90 Proceedings of the 17th annual conference on Computer graphics and interactive techniques},
  publisher = {ACM New York, NY, USA},
  year = {1990}
}

@inproceedings{Shiraishi:LocalSource,
  author = {M. Shiraishi, Y. Yamaguchi},
  title = {An Algorithm for Automatic Painterly Rendering Based on Local Source Image Approximation},
  pages = {53--58},
  booktitle = {NPAR '00 Proceedings of the 1st international symposium on Non-photorealistic animation and rendering},
  publisher = {ACM New York, NY, USA},
  year = {2000}
}

@inproceedings{Litwinowicz:VideoImpressionist,
  author = {P. Litwinowicz},
  title = {Processing Images and Video For an Impressionist Effect},
  pages = {407--414},
  booktitle = {SIGGRAPH '97 Proceedings of the 24th annual conference on Computer graphics and interactive techniques},
  publisher = {ACM Press/Addison-Wesley Publishing Co. New York, NY, USA},
  year = {1997}
}

@inproceedings{Hertzmann:Video,
  author = {A. Hertzmann, K. Perlin},
  title = {Painterly Rendering for Video and Interaction},
  pages = {7--12},
  booktitle = {NPAR '00 Proceedings of the 1st international symposium on Non-photorealistic animation and rendering},
  publisher = {ACM New York, NY, USA},
  year = {2000}
}

@inproceedings{Meier:Animation,
  author = {B. J. Meier},
  title = {Painterly Rendering for Animation},
  pages = {477--484},
  booktitle = {SIGGRAPH '96 Proceedings of the 23rd annual conference on Computer graphics and interactive techniques},
  publisher = {ACM New York, NY, USA},
  year = {1996}
}
 %TODO strani ne vem
@inproceedings{Daniels:Tarzan,
  author = {E. Daniels},
  title = {Deep canvas in Disney's Tarzan},
  pages = {200--200},
  booktitle = {SIGGRAPH '99 ACM SIGGRAPH 99 Conference abstracts and applications},
  publisher = {ACM New York, NY, USA},
  year = {1999}
}
%TODO, če ima več priimkov itd. daj ~ vmes
@inproceedings{Klein:Virtual,
  author = {A. Klein and W. Li, M. M.~Kazhdan and W. T.~Corr\^ea and A. Finkelstein and T. A.~Funkhouser},
  title = {Non-photorealistic Virtual Environments},
  pages = {527--534},
  booktitle = {SIGGRAPH '00 Proceedings of the 27th annual conference on Computer graphics and interactive techniques},
  publisher = {ACM Press/Addison-Wesley Publishing Co. New York, NY, USA},
  year = {2000}
}
% TODO a se guided piše z veliko (kako so velike začetnice, kaj pa v imenu konferenc)
@inproceedings{Turk:Guided,
  author = {G. Turk and D. Banks},
  title = {Image-guided Streamline Placement},
  pages = {453--460},
  booktitle =  {SIGGRAPH '96 Proceedings of the 23rd annual conference on Computer graphics and interactive techniques},
  publisher = {ACM New York, NY, USA},
  year = {1996}
}

@inproceedings{Curtis:Watercolor,
  author = {C. J.~Curtis and S. E.~Anderson and J. E.~Seims and K. W.~Fleischer and D. H.~Salesin},
  title = {Computer-generated Watercolor},
  pages = {421--430},
  booktitle = {SIGGRAPH '97 Proceedings of the 24th annual conference on Computer graphics and interactive techniques},
  publisher = {ACM Press/Addison-Wesley Publishing Co. New York, NY, USA},
  year = {1997}
}
% TODO strani
@inproceedings{Hertzmann:Texture,
  author = {A. Hertzmann},
  title = {Fast Paint Texture},
  pages = {91--ff},
  booktitle = {NPAR '02 Proceedings of the 2nd international symposium on Non-photorealistic animation and rendering},
  publisher = {ACM New York, NY, USA},
  year = {2002}
}

@inproceedings{Hays:Animation,
  author = {J. Hays and I. Essa},
  title = {Image and Video Based Painterly Animation},
  pages = {113--120},
  booktitle = {NPAR '04 Proceedings of the 3rd international symposium on Non-photorealistic animation and rendering},
  publisher = {ACM New York, NY, USA},
  year = {2004}
}

@inproceedings{Lee:Motion,
  author = {H. Lee and C. H.~Lee and K. Yoon},
  title = {Motion Based Painterly Rendering},
  pages = {1207--1215},
  booktitle = {EGSR'09 Proceedings of the Twentieth Eurographics conference on Rendering},
  publisher = {Eurographics Association Aire-la-Ville, Switzerland, Switzerland},
  year = {2009}
}

@inproceedings{Seligmann:Automated,
  author = {D. D.~Seligmann and S. Feiner},
  title = {Automated Generation of Intent-based 3D Illustrations},
  pages = {123--132},
  booktitle = {SIGGRAPH '91 Proceedings of the 18th annual conference on Computer graphics and interactive techniques},
  publisher = {ACM New York, NY, USA},
  year = {1991}
}

@inproceedings{Miyata:Stone,
  author = {K.~Miyata},
  title = {A method of generating stone wall patterns},
  pages = {387--394},
  booktitle = {SIGGRAPH '90 Proceedings of the 17th annual conference on Computer graphics and interactive techniques},
  publisher = {ACM New York, NY, USA},
  year = {1990}
}

@inproceedings{Appel:Haloed,
  author = {A. Appel and F. J.~Rohlf and A. J.~Stein},
  title = {The haloed line effect for hidden line elimination},
  pages = {151--157},
  booktitle = {SIGGRAPH '79 Proceedings of the 6th annual conference on Computer graphics and interactive techniques},
  publisher = {ACM New York, NY, USA},
  year = {1979}
}

Knjige:

@book{Frazier:AnIntro,
 author = {M. W.~Frazier},
 title = {An Introduction to Wavelets Through Linear Algebra},
 year = {1999},
 publisher = {Springer--Verlag New York, New York, USA},
}

@book{Yaro:Digital,
  author = {L.~P.~Yaroslavsky},
  title = {Digital Picture Processing},
  year = {1985},
  publisher = {Springer-Verlag New York, Inc.~Secaucus, NJ, USA}
}

book{Gama:2010:KDD:1855075,
 author = {J. Gama},
 title = {Knowledge Discovery from Data Streams},
 year = {2010},
 isbn = {1439826110, 9781439826119},
 edition = {1},
 publisher = {Chapman \& Hall/CRC, London},
}

% Technical Reports
@techreport{Hertzmann:Relaxation,
  author = {A. Hertzmann},
  title = {Paint By Relaxation},
  institution = {New York University, NY, USA},  
  year = {2000}
}

% Konference
@conference{Treavett:Statistical,
  author = {S. M.~F.~Treavett and M. Chen},
  title = {Statistical Techniques for the Automated Synthesis of Non-photorealistic Images},
  booktitle = {Proc. 15th Eurogaphics UK Conference},
  year = {1997}
}